@inproceedings{Knight:2002:SCS:581339.581406,
	author = {Knight, John C.},
	title = {Safety Critical Systems: Challenges and Directions},
	booktitle = {Proceedings of the 24th International Conference on Software Engineering},
	series = {ICSE '02},
	year = {2002},
	isbn = {1-58113-472-X},
	location = {Orlando, Florida},
	pages = {547--550},
	numpages = {4},
	url = {http://doi.acm.org/10.1145/581339.581406},
	doi = {10.1145/581339.581406},
	acmid = {581406},
	publisher = {ACM},
	address = {New York, NY, USA},
} 

@INPROCEEDINGS{6601578, 
	author={Voss, S. and Schatz, B.}, 
	booktitle={Engineering of Computer Based Systems (ECBS), 2013 20th IEEE International Conference and Workshops on the}, 
	title={Deployment and Scheduling Synthesis for Mixed-Critical Shared-Memory Applications}, 
	year={2013}, 
	month={April}, 
	pages={100-109}, 
	keywords={Boolean functions;computability;embedded systems;processor scheduling;programming language semantics;shared memory systems;Auto FOCUS3 tool-chain;Boolean formulas;SMT;computation resources;deployment synthesis;discrete-time semantics;explicit data-flow semantics;global discrete time;linear arithmetic constraints;local memory constraints;message schedules;mixed-critical shared-memory applications;mixed-criticality multicore architectures;multicriticality embedded systems;satisfiability modulo theory solver;satisfiability problem;scheduling synthesis;system architecture;system architectures generation;task assignment optimization;task criticality constraints;task schedules;Computational modeling;Multicore processing;Processor scheduling;Resource management;Schedules;Scheduling;Deployment Synthesis;Mapping;SMT;Scheduling;Shared-Memory Applications}, 
	doi={10.1109/ECBS.2013.23},}









